@article{VanOorschot1999,
author = {van Oorschot, Paul C. and Wiener, Michael J.},
doi = {10.1007/PL00003816},
file = {:Users/lschmierer/Library/Application Support/Mendeley Desktop/Downloaded/van Oorschot, Wiener - 1999 - Parallel Collision Search with Cryptanalytic Applications.pdf:pdf},
issn = {0933-2790},
journal = {Journal of Cryptology},
month = {jan},
number = {1},
pages = {1--28},
publisher = {Springer-Verlag},
title = {{Parallel Collision Search with Cryptanalytic Applications}},
url = {http://link.springer.com/10.1007/PL00003816},
volume = {12},
year = {1999}
}
@article{Brent1980,
author = {Brent, Richard P.},
doi = {10.1007/BF01933190},
file = {:Users/lschmierer/Library/Application Support/Mendeley Desktop/Downloaded/Brent - 1980 - An improved Monte Carlo factorization algorithm.pdf:pdf},
issn = {0006-3835},
journal = {BIT},
month = {jun},
number = {2},
pages = {176--184},
publisher = {Kluwer Academic Publishers},
title = {{An improved Monte Carlo factorization algorithm}},
url = {http://link.springer.com/10.1007/BF01933190},
volume = {20},
year = {1980}
}
@article{Pohlig1978,
author = {Pohlig, S. and Hellman, M.},
doi = {10.1109/TIT.1978.1055817},
issn = {0018-9448},
journal = {IEEE Transactions on Information Theory},
month = {jan},
number = {1},
pages = {106--110},
title = {{An improved algorithm for computing logarithms over GF(p) and its cryptographic significance (Corresp.)}},
url = {http://ieeexplore.ieee.org/document/1055817/},
volume = {24},
year = {1978}
}
@book{Galbraith2012,
address = {Cambridge},
author = {Galbraith, Steven D.},
doi = {10.1017/CBO9781139012843},
file = {:Users/lschmierer/Downloads/Mathematics{\_}of{\_}Public{\_}Key{\_}Cryptography.pdf:pdf},
isbn = {9781139012843},
publisher = {Cambridge University Press},
title = {{Mathematics of Public Key Cryptography}},
url = {http://ebooks.cambridge.org/ref/id/CBO9781139012843},
year = {2012}
}
@article{Pollard1975,
author = {Pollard, J. M.},
doi = {10.1007/BF01933667},
issn = {0006-3835},
journal = {BIT},
mendeley-groups = {Kryptographie},
month = {sep},
number = {3},
pages = {331--334},
publisher = {Kluwer Academic Publishers},
title = {{A monte carlo method for factorization}},
url = {http://link.springer.com/10.1007/BF01933667},
volume = {15},
year = {1975}
}

@misc{tocas,
  author = {Diem, Claus},
  title = {{Typenorientiertes Computeralgebrasystem}},
  howpublished = "\url{http://www.math.uni-leipzig.de/MI/diem/krypto/tocas-neu.tar}",
  year = {2018}, 
  note = "[Online; accessed 14-August-2018]",
}
@inproceedings{jupyterNotebook,
       booktitle = {Positioning and Power in Academic Publishing: Players, Agents and Agendas},
          editor = {Fernando Loizides and Birgit Scmidt},
           title = {Jupyter Notebooks – a publishing format for reproducible computational workflows},
          author = {Thomas Kluyver and Benjamin Ragan-Kelley and Fernando P{\'e}rez and Brian Granger and Matthias Bussonnier and Jonathan Frederic and Kyle Kelley and Jessica Hamrick and Jason Grout and Sylvain Corlay and Paul Ivanov and Dami{\'a}n Avila and Safia Abdalla and Carol Willing and Jupyter development team [Unknown]},
       publisher = {IOS Press},
            year = {2016},
           pages = {87--90},
             url = {https://eprints.soton.ac.uk/403913/},
        abstract = {It is increasingly necessary for researchers in all fields to write computer code, and in order to reproduce research results, it is important that this code is published. We present Jupyter notebooks, a document format for publishing code, results and explanations in a form that is both readable and executable. We discuss various tools and use cases for notebook documents.}
}

@article{diem_2011, 
 title={On the discrete logarithm problem in elliptic curves}, 
 volume={147}, 
 DOI={10.1112/S0010437X10005075}, 
 number={1}, 
 journal={Compositio Mathematica}, publisher={London Mathematical Society}, 
 author={Diem, Claus}, 
 year={2011}, 
 pages={75–104}
}

@inproceedings{Adleman_1979,
 author = {Adleman, Leonard},
 title = {A Subexponential Algorithm for the Discrete Logarithm Problem with Applications to Cryptography},
 booktitle = {Proceedings of the 20th Annual Symposium on Foundations of Computer Science},
 series = {SFCS '79},
 year = {1979},
 pages = {55--60},
 numpages = {6},
 url = {https://doi.org/10.1109/SFCS.1979.2},
 doi = {10.1109/SFCS.1979.2},
 acmid = {1382605},
 publisher = {IEEE Computer Society},
 address = {Washington, DC, USA},
} 

@article{ECM,
 ISSN = {0003486X},
 URL = {http://www.jstor.org/stable/1971363},
 author = {H. W. Lenstra},
 journal = {Annals of Mathematics},
 number = {3},
 pages = {649--673},
 publisher = {Annals of Mathematics},
 title = {Factoring Integers with Elliptic Curves},
 volume = {126},
 year = {1987}
}

@INPROCEEDINGS{QS,
    author = {Carl Pomerance},
    title = {Smooth numbers and the quadratic sieve},
    year = {2005},
    publisher = {University Press}
}

@inproceedings{NFS,
 author = {Lenstra, A. K. and Lenstra,Jr., H. W. and Manasse, M. S. and Pollard, J. M.},
 title = {The Number Field Sieve},
 booktitle = {Proceedings of the Twenty-second Annual ACM Symposium on Theory of Computing},
 series = {STOC '90},
 year = {1990},
 isbn = {0-89791-361-2},
 location = {Baltimore, Maryland, USA},
 pages = {564--572},
 numpages = {9},
 url = {http://doi.acm.org/10.1145/100216.100295},
 doi = {10.1145/100216.100295},
 acmid = {100295},
 publisher = {ACM},
 address = {New York, NY, USA},
} 


